@techreport{Finn2019,
  doi = {10.17487/rfc8655},
  url = {https://doi.org/10.17487/rfc8655},
  year = {2019},
  month = oct,
  publisher = {{RFC} Editor},
  author = {N. Finn and P. Thubert and B. Varga and J. Farkas},
  title = {Deterministic Networking Architecture}
}
